% Bibliograf√≠a

% Libros

@book{fitzmaurice,
  author         = {Garret M. Fitzmaurice and Nan M. Laird and James H. Ware},
  title          = {Applied Longitudinal Analysis},
  publisher      = {John Wiley \& Sons},
  year           = {2004}
}

@book{diggle,
  author         = {Peter J. Diggle and Patrick Heagerty and Kung-Yee Liang and Scott L. Zeger},
  title          = {Analysis of Longitudinal Data},
  publisher      = {Oxford University Press},
  year           = {2002}
}

@book{lalonde,
  author         = {Ding-Geng Chen and Jeffrey R. Wilson},
  title          = {Innovative Statistical Methods for Public Health Data},
  publisher      = {Springer International Publishing},
  year           = {2015}
}

@book{lesa,
  author         = {Lesa Hoffman},
  title          = {Longitudinal Analysis, Modeling Within-Person Fluctuation and Change},
  publisher      = {Routledge},
  year           = {2015}
}