%Bibliografía

%Libros
@book{montgomery2015introduction,
  title={Introduction to linear regression analysis, 5th edition},
  author={Montgomery, Douglas C and Peck, Elizabeth A and Vining, G Geoffrey},
  year={2012},
  publisher={Hoboken, NJ: John Wiley \& Sons}
}

@book{yan2009linear,
  title={Linear regression analysis: theory and computing},
  author={Yan, Xin and Su, Xiaogang},
  year={2009},
  publisher={Singapore: World Scientific}
}

@book{legendre1805nouvelles,
  title={Nouvelles m{\'e}thodes pour la d{\'e}termination des orbites des com{\`e}tes},
  author={Legendre, Adrien Marie},
  year={1805},
  publisher={París: F. Didot}
}

@book{marquis1810memoire,
  title={M{\'e}moire sur les approximations des formules qui sont fonctions de tr{\`e}s-grands nombres, et sur leur application aux probabilit{\'e}s},
  author={Laplace, Pierre Simon},
  year={1810},
  publisher={París: Baudouin}
}

@book{han2011data,
  title={Data mining: concepts and techniques},
  author={Han, Jiawei and Pei, Jian and Kamber, Micheline},
  year={2011},
  publisher={Amsterdam: Elsevier}
}

@book{larose2015data,
  title={Data mining and predictive analytics},
  author={Larose, Daniel T and Larose, Chantal D},
  year={2015},
  publisher={Hoboken, NJ: John Wiley \& Sons}
}

@book{nisbet2009handbook,
  title={Handbook of statistical analysis and data mining applications},
  author={Nisbet, Robert and Miner, Gary and Elder IV, John},
  year={2009},
  publisher={London: Academic Press}
}

@book{leskovec2014mining,
  title={Mining of massive datasets},
  author={Leskovec, Jure and Rajaraman, Anand and Ullman, Jeffrey David},
  year={2014},
  publisher={Cambridge, UK: Cambridge University Press}
}

@book{friedman2001elements,
  title={The elements of statistical learning, 2nd edition},
  author={Hastie, Trevor and Tibshirani, Robert and Friedman, Jerome},
  year={2009},
  publisher={New York, NY: Springer}
}

@book{hastie2015statistical,
  title={Statistical learning with sparsity: the lasso and generalizations},
  author={Hastie, Trevor and Tibshirani, Robert and Wainwright, Martin},
  year={2015},
  publisher={Boca Raton, FL: CRC press}
}

@book{boyd2004convex,
  title={Convex optimization},
  author={Boyd, Stephen and Vandenberghe, Lieven},
  year={2004},
  publisher={Cambridge, UK: Cambridge University Press}
}

@book{gauss1809theoria,
  title={Theoria motus corporum coelestum},
  author={Gauss, Carl Friedrich},
  publisher={Hamburgi: Sumtibus F. Perthes et I.H. Besser},
  year={1809}
}

@book{tibshiranisparsity,
  title={Machine Learning 10-702: Sparsity, the Lasso, and Friends},
  author={Tibshirani, Ryan},
  publisher={Retrieved from: http://www.stat.cmu.edu/~ryantibs/statml/lectures/sparsity.pdf},
  year={2017}
}

%Articulos
@article{stigler1981gauss,
  title={Gauss and the invention of least squares},
  author={Stigler, Stephen M},
  journal={The Annals of Statistics},
  volume={9},
  number={3},
  pages={465--474},
  year={1981},
  publisher={JSTOR}
}

@article{galton1886regression,
  title={Regression towards mediocrity in hereditary stature.},
  author={Galton, Francis},
  journal={The Journal of the Anthropological Institute of Great Britain and Ireland},
  volume={15},
  pages={246--263},
  year={1886},
  publisher={JSTOR}
}

@article{beale1967discarding,
  title={The discarding of variables in multivariate analysis},
  author={Beale, EML and Kendall, MG and Mann, DW},
  journal={Biometrika},
  volume={54},
  number={3-4},
  pages={357--366},
  year={1967},
  publisher={Oxford University Press}
}

@article{hocking1967selection,
  title={Selection of the best subset in regression analysis},
  author={Hocking, RR and Leslie, RN},
  journal={Technometrics},
  volume={9},
  number={4},
  pages={531--540},
  year={1967},
  publisher={Taylor \& Francis}
}

@article{hoerl1970ridge,
  title={Ridge regression: Biased estimation for nonorthogonal problems},
  author={Hoerl, Arthur E and Kennard, Robert W},
  journal={Technometrics},
  volume={12},
  number={1},
  pages={55--67},
  year={1970},
  publisher={Taylor \& Francis Group}
}

@article{tibshirani1996regression,
  title={Regression shrinkage and selection via the lasso},
  author={Tibshirani, Robert},
  journal={Journal of the Royal Statistical Society. Series B (Methodological)},
  pages={267--288},
  year={1996},
  publisher={JSTOR}
}

@article{groves1969note,
  title={A note on the expected value of an inverse matrix},
  author={Groves, Theodore and Rothenberg, Thomas},
  journal={Biometrika},
  volume={56},
  number={3},
  pages={690--691},
  year={1969},
  publisher={Oxford University Press}
}

@article{wishart1928generalised,
  title={The generalised product moment distribution in samples from a normal multivariate population},
  author={Wishart, John},
  journal={Biometrika},
  volume={20A},
  number={1/2},
  pages={32--52},
  year={1928},
  publisher={JSTOR}
}

@article{haff1979identity,
  title={An identity for the Wishart distribution with applications},
  author={Haff, LR},
  journal={Journal of Multivariate Analysis},
  volume={9},
  number={4},
  pages={531--544},
  year={1979},
  publisher={Elsevier}
}

@article{wu2007karush,
  title={The {Karush-Kuhn-Tucker} optimality conditions in an optimization problem with interval-valued objective function},
  author={Wu, Hsien Chung},
  journal={European Journal of Operational Research},
  volume={176},
  number={1},
  pages={46--59},
  year={2007},
  publisher={Elsevier}
}

@article{tibshirani2013lasso,
  title={The lasso problem and uniqueness},
  author={Tibshirani, Ryan J and others},
  journal={Electronic Journal of Statistics},
  volume={7},
  pages={1456--1490},
  year={2013},
  publisher={The Institute of Mathematical Statistics and the Bernoulli Society}
}

@article{zou2005regularization,
  title={Regularization and variable selection via the elastic net},
  author={Zou, Hui and Hastie, Trevor},
  journal={Journal of the Royal Statistical Society: Series B (Statistical Methodology)},
  volume={67},
  number={2},
  pages={301--320},
  year={2005},
  publisher={Wiley Online Library}
}

@article{efron2004least,
  title={Least angle regression},
  author={Efron, Bradley and Hastie, Trevor and Johnstone, Iain and Tibshirani, Robert and others},
  journal={The Annals of statistics},
  volume={32},
  number={2},
  pages={407--499},
  year={2004},
  publisher={Institute of Mathematical Statistics}
}

@article{friedman2007pathwise,
  title={Pathwise coordinate optimization},
  author={Friedman, Jerome and Hastie, Trevor and H{\"o}fling, Holger and Tibshirani, Robert and others},
  journal={The Annals of Applied Statistics},
  volume={1},
  number={2},
  pages={302--332},
  year={2007},
  publisher={Institute of Mathematical Statistics}
}

@article{friedman2010regularization,
  title={Regularization paths for generalized linear models via coordinate descent},
  author={Friedman, Jerome and Hastie, Trevor and Tibshirani, Rob},
  journal={Journal of statistical software},
  volume={33},
  number={1},
  pages={1},
  year={2010},
  publisher={NIH Public Access}
}

@article{friedman2009glmnet,
  title={glmnet: Lasso and elastic-net regularized generalized linear models},
  author={Friedman, Jerome and Hastie, Trevor and Tibshirani, Rob},
  journal={R package version},
  volume={1},
  number={4},
  year={2009}
}

@article{osborne2000new,
  title={A new approach to variable selection in least squares problems},
  author={Osborne, Michael R and Presnell, Brett and Turlach, Berwin A},
  journal={IMA journal of numerical analysis},
  volume={20},
  number={3},
  pages={389--403},
  year={2000},
  publisher={Oxford University Press}
}

@article{bien2016simulator,
  title={The Simulator: An Engine to Streamline Simulations},
  author={Bien, Jacob},
  year={2016},
  url={http://faculty.bscb.cornell.edu/~bien/simulator.pdf},
  journal={Submitted}
}

@inproceedings{kloft2009efficient,
  title={Efficient and accurate lp-norm multiple kernel learning},
  author={Kloft, Marius and Brefeld, Ulf and Laskov, Pavel and M{\"u}ller, Klaus Robert and Zien, Alexander and Sonnenburg, S{\"o}ren},
  booktitle={Advances in neural information processing systems 22},
  pages={997--1005},
  year={2009}
}