% Bibliograf√≠a

% Libros

@book{fitzmaurice,
  author         = {Garret M. Fitzmaurice and Nan M. Laird and James H. Ware},
  title          = {Applied Longitudinal Analysis},
  publisher      = {John Wiley \& Sons},
  year           = {2004}
}

@book{diggle,
  author         = {Peter J. Diggle and Patrick Heagerty and Kung-Yee Liang and Scott L. Zeger},
  title          = {Analysis of Longitudinal Data},
  publisher      = {Oxford University Press},
  year           = {2002}
}

@book{lesa,
  author         = {Lesa Hoffman},
  title          = {Longitudinal Analysis, Modeling Within-Person Fluctuation and Change},
  publisher      = {Routledge},
  year           = {2015}
}

@book{weiss,
  author         = {Robert E. Weiss},
  title          = {Modeling Longitudinal Data},
  publisher      = {Springer},
  year           = {2005}
}

% Chapters

@incollection{lalonde,
  author      = {Trent L. Lalonde},
  title       = {Modeling Time-Dependent Covariates in Longitudinal Data Analyses},
  editor      = {Ding-Geng Chen and Jeffrey R. Wilson},
  booktitle   = {Innovative Statistical Methods for Public Health Data},
  publisher   = {Springer Cham},
  year        = {2015},
  pages       = {57--79},
  chapter     = {4},
}

% Journals

@article{morisky,
  author         = {Donald E. Morisky and Lawrence W Green and David M. Levine},
  title          = {Concurrent and Predictive-Validity of A Self-Reported Measure of Medication Adherence},
  publisher      = {Lippincott Williams \& Wilkins},
  year           = {1986},
  journal        = {Medical Care},
  volume         = {24},
  pages          = {67--74},
}

@article{lai_small,
  author         = {Tze Leung Lai and Dylan Small},
  title          = {Marginal Regression Analysis of Longitudinal Data with Time-Dependent Covariates: A Generalized Method-of-Moments Approach},
  publisher      = {Oxford University Press},
  year           = {2007},
  journal        = {Royal Statistical Society. Series B (Statistical Methodology)},
  volume         = {69},
  pages          = {79--99},
}

@article{hansen,
  author          = {Lars Peter Hansen},
  title           = {Large Sample Properties of Generalized Method of Moments Estimators},
  publisher       = {The Econometric Society},
  year            = {1982},
  journal         = {Econometrica},
  volume          = {50},
  pages           = {1029--1054},
}

@article{pepe_and_anderson,
  author          = {Margaret Sullivan Pepe and Garnet L Anderson},
  title           = {A Cautionary Note on Inference for Marginal Regression Models with Longitudinal Data and General Correlated Response Data},
  publisher       = {Taylor & Francis, Inc},
  year            = {1994},
  journal         = {Communications in Statistics, Part B Simulation and Computation},
  volume          = {23},
  pages           = {939--951},
}
